% This file was created with JabRef 2.10.
% Encoding: UTF-8


@Article{Friedman2010,
  Title                    = {Regularization Paths for Generalized Linear Models via Coordinate Descent},
  Author                   = {Jerome H. Friedman and Trevor Hastie and Rob Tibshirani},
  Journal                  = {Journal of Statistical Software},
  Year                     = {2010},

  Month                    = {2},
  Number                   = {1},
  Pages                    = {1--22},
  Volume                   = {33}
}

@Article{Messner2014a,
  Title                    = {Extending Extended Logistic Regression: Extended vs. Separate vs. Ordered vs. Censored},
  Author                   = {Messner, Jakob W. and Mayr, Georg J. and Wilks, Daniel S. and Zeileis, Achim},
  Journal                  = {Monthly Weather Review},
  Year                     = {2014},
  Pages                    = {3003--3014},
  Volume                   = {142}
}

@Article{Messner2016,
  Title                    = {Non-Homogeneous Boosting for Predictor Selection in Ensemble Post-Processing},
  Author                   = {Messner, Jakob W. and Mayr, Georg J. and Zeileis, Achim},
  Year                     = {2017},
    Journal                  = {Monthly Weather Review},
  Pages                    = {137--147},
volume       = {145},
  number       = {1},
  doi          = {10.1175/MWR-D-16-0088.1}


  
}

@Article{Messner2016a,
  Title                    = {Heteroscedastic Censored and Truncated Regression with crch},
  Author                   = {Jakob W. Messner and Georg J. Mayr and Achim Zeileis},
  Journal                  = {The {R} Journal},
  year         = "2016",
  pages        = "173--181",
  volume       = "8",
  number       = "1",

  Url                      = {https://journal.r-project.org/archive/accepted/messner-mayr-zeileis.pdf}
}

@Manual{crch,
  Title                    = {{crch}: Censored Regression with Conditional Heteroscedasticity},
  Author                   = {Jakob W. Messner and Achim Zeileis},
  Note                     = {{R}~package version~0.9-2},
  Year                     = {2015},

  Url                      = {http://CRAN.R-project.org/package=crch}
}

@Article{messner2014b,
  Title                    = {Probabilistic Wind Power Forecasts with an Inverse Power Curve Transformation and Censored Regression},
  Author                   = {Messner, Jakob W. and Zeileis, Achim and Broecker, Jochen and Mayr, Georg J.},
  Journal                  = {Wind Energy},
  Year                     = {2014},
  Number                   = {11},
  Pages                    = {1753--1766},
  Volume                   = {17},

  Doi                      = {10.1002/we.1666}
}

