@Article{Hothorn+Hornik+Zeileis:2006,
  title = {Unbiased Recursive Partitioning: {A} Conditional Inference Framework},
  author = {Torsten Hothorn and Kurt Hornik and Achim Zeileis},
  journal = {Journal of Computational and Graphical Statistics},
  volume = {15},
  number = {3},
  pages = {651--674},
  year = {2006},
  doi = {10.1198/106186006x133933},
}

@Article{Schlosser+Hothorn+Stauffer+Zeileis:2019,
  author = {Lisa Schlosser and Torsten Hothorn and Reto Stauffer and Achim Zeileis},
  title = {Distributional Regression Forests for Probabilistic Precipitation Forecasting in Complex Terrain},
  journal = {The Annals of Applied Statistics},
  year = {2019},
  volume = {13},
  number = {3},
  pages = {1564--1589},
  doi = {10.1214/19-AOAS1247},
  url = {https://arxiv.org/abs/1804.02921},
}

@Article{Zeileis+Hothorn+Hornik:2008,
  title = {Model-Based Recursive Partitioning},
  author = {Achim Zeileis and Torsten Hothorn and Kurt Hornik},
  journal = {Journal of Computational and Graphical Statistics},
  volume = {17},
  number = {2},
  pages = {492--514},
  year = {2008},
  doi = {10.1198/106186008x319331},
}


