
@Article{Messner2017,
  Author                   = {Messner, Jakob W. and Mayr, Georg J. and Zeileis, Achim},
  title                    = {Nonhomogeneous Boosting for Predictor Selection in Ensemble Postprocessing},
  journal                  = {Monthly Weather Review},
  volume                   = {145},
  number                   = {1},
  pages                    = {137-147},
  year                     = {2017}
}

