@Manual{crch,
  Title                    = {{crch}: Censored Regression with Conditional Heteroscedasticity},
  Author                   = {Jakob W. Messner and Achim Zeileis},
  Note                     = {{R}~package version~0.9-0},
  Year                     = {2015},
  Url                      = {http://CRAN.R-project.org/package=crch}
}

@Article{messner2014b,
  Title                    = {Probabilistic Wind Power Forecasts with an Inverse Power Curve Transformation and Censored Regression},
  Author                   = {Messner, Jakob W. and Zeileis, Achim and Broecker, Jochen and Mayr, Georg J.},
  Journal                  = {Wind Energy},
  Year                     = {2014},
  Number                   = {11},
  Pages                    = {1753--1766},
  Volume                   = {17},
  Doi                      = {10.1002/we.1666}
}

@Article{Messner2014a,
  Title                    = {Extending Extended Logistic Regression: Extended vs. Separate vs. Ordered vs. Censored},
  Author                   = {Messner, Jakob W. and Mayr, Georg J. and Wilks, Daniel S. and Zeileis, Achim},
  Journal                  = {Monthly Weather Review},
  Year                     = {2014},
  Pages                    = {3003--3014},
  Volume                   = {142},
}
