@article{Buuren+Fredriks:2001,
  author = {Stef van Buuren and Miranda Fredriks},
  title = {Worm Plot: A Simple Diagnostic Device for Modelling Growth Reference Curves},
  journal = {Statistics in Medicine},
  volume = {20},
  number = {8},
  pages = {1259--1277},
  doi = {10.1002/sim.746},
  year = {2001}
}

@Article{Dunn+Smyth:1996,
  volume = {5},
  number = {3},
  journal = {Journal of Computational and Graphical Statistics},
  doi = {10.2307/1390802},
  author = {Peter K. Dunn and Gordon K. Smyth},
  year = {1996},
  pages = {236--244},
  title = {Randomized Quantile Residuals}
}

@Article{Gneiting+Raftery:2007,
  volume = {102},
  number = {477},
  journal = {Journal of the American Statistical Association},
  doi = {10.1198/016214506000001437},
  author = {Gneiting, Tilmann and Raftery, Adrian E},
  year = {2007},
  pages = {359--378},
  title = {Strictly Proper Scoring Rules, Prediction, and Estimation}
}

@Article{Hothorn+Hornik+Zeileis:2006,
  title = {Unbiased Recursive Partitioning: {A} Conditional Inference Framework},
  author = {Torsten Hothorn and Kurt Hornik and Achim Zeileis},
  journal = {Journal of Computational and Graphical Statistics},
  volume = {15},
  number = {3},
  pages = {651--674},
  year = {2006},
  doi = {10.1198/106186006x133933},
}

@Article{Kleiber+Zeileis:2016,
  author = {Christian Kleiber and Achim Zeileis},
  title = {Visualizing Count Data Regressions Using Rootograms},
  journal = {The American Statistician},
  year = {2016},
  volume = {70},
  number = {3},
  pages = {296--303},
  doi = {10.1080/00031305.2016.1173590},
  url = {https://www.zeileis.org/papers/Kleiber+Zeileis-2016.pdf},
}

@Article{Schlosser+Hothorn+Stauffer+Zeileis:2019,
  author = {Lisa Schlosser and Torsten Hothorn and Reto Stauffer and Achim Zeileis},
  title = {Distributional Regression Forests for Probabilistic Precipitation Forecasting in Complex Terrain},
  journal = {The Annals of Applied Statistics},
  year = {2019},
  volume = {13},
  number = {3},
  pages = {1564--1589},
  doi = {10.1214/19-AOAS1247},
  url = {https://arxiv.org/abs/1804.02921},
}

@Book{Wickham:2016,
  author = {Hadley Wickham},
  title = {{ggplot2}: Elegant Graphics for Data Analysis},
  publisher = {Springer-Verlag},
  address = {New York},
  year = {2016},
  isbn = {978-3-319-24277-4},
  url = {https://ggplot2.tidyverse.org/},
}

@Article{Zeileis+Hothorn+Hornik:2008,
  title = {Model-Based Recursive Partitioning},
  author = {Achim Zeileis and Torsten Hothorn and Kurt Hornik},
  journal = {Journal of Computational and Graphical Statistics},
  volume = {17},
  number = {2},
  pages = {492--514},
  year = {2008},
  doi = {10.1198/106186008x319331},
}

@Manual{disttree,
  title = {{disttree}: Trees and Forests for Distributional Regression},
  author = {Lisa Schlosser and Moritz N. Lang and Torsten Hothorn and Achim Zeileis},
  year = {2021},
  note = {R package version 0.2-0},
  url = {https://R-Forge.R-project.org/projects/partykit/pkg/disttree/}
}

@Manual{topmodels,
  title = {{topmodels}: Infrastructure for Inference and Forecasting in Probabilistic Models},
  author = {Achim Zeileis and Moritz N. Lang and Christian Kleiber and Ioannis Kosmidis and Jakob W. Messner and Reto Stauffer},
  year = {2021},
  note = {R package version 0.1-0},
  url = {https://R-Forge.R-project.org/projects/topmodels/pkg/topmodels/}
}

